@String{CRAN = "http://cran.r-project.org/" }
@String{manuals = CRAN # "doc/manuals/" }
@String{RCoreTeam = "{R Development Core Team}" }
@String{RFoundation = "R Foundation for Statistical Computing" }

@manual{R:exts,
  author =	 RCoreTeam,
  organization = RFoundation,
  address =	 {Vienna, Austria},
  year =	 2010,
  isbn =	 {3-900051-11-9},
  title =	 "Writing R Extensions",
  url =		 manuals # "R-exts.html"
}

@Manual{R:Main,
  title =	 {R: A Language and Environment for Statistical
                  Computing},
  author =	 RCoreTeam,
  organization = RFoundation,
  address =	 {Vienna, Austria},
  year =	 2010,
  note =	 {{ISBN} 3-900051-07-0},
  url =		 {http://www.R-project.org/},
}

@Manual{CRAN:Rcpp,
  title = 	{Rcpp {R/C++} interface package},
  author = 	{Dirk Eddelbuettel and Romain Fran\c{c}ois},
  year = 	{2010},
  note = 	{R package version 0.8.8},
  url = 	{http://CRAN.R-project.org/package=Rcpp}
}

@Manual{GSL,
  title = 	{{GNU} {S}cientific {L}ibrary {R}eference {M}anual},
  author = 	{Mark Galassi and Jim Davies and James Theiler and Brian Gough and Gerard Jungman and Patrick Alken and Michael Booth and Fabrice Rossi},
  year = 	{2010},
  edition = {3rd},
  isbn =	{0954612078},
  note = 	{Version 1.14},
  url = 	{http://www.gnu.org/software/gsl}
}
