@String{CRAN = "http://cran.r-project.org/" }
@String{manuals = CRAN # "doc/manuals/" }
@String{RCoreTeam = "{R Development Core Team}" }
@String{RFoundation = "R Foundation for Statistical Computing" }

@manual{R:exts,
  author =	 RCoreTeam,
  organization = RFoundation,
  address =	 {Vienna, Austria},
  year =	 2010,
  isbn =	 {3-900051-11-9},
  title =	 "Writing R Extensions",
  url =		 manuals # "R-exts.html"
}

@Manual{R:Main,
  title =	 {R: A Language and Environment for Statistical
                  Computing},
  author =	 RCoreTeam,
  organization = RFoundation,
  address =	 {Vienna, Austria},
  year =	 2010,
  note =	 {{ISBN} 3-900051-07-0},
  url =		 {http://www.R-project.org/},
}

@Manual{CRAN:inline,
  title =	 {inline: Inline C, C++, Fortran function calls from
                  R},
  author =	 {Oleg Sklyar and Duncan Murdoch and Mike Smith and
                  Dirk Eddelbuettel and Romain Fran\c{c}ois},
  year =	 2010,
  note =	 {R package version 0.3.7},
  url =		 CRAN # "/package=inline"
}

@Manual{CRAN:Rcpp,
  title = 	{Rcpp {R/C++} interface package},
  author = 	{Dirk Eddelbuettel and Romain Fran\c{c}ois},
  year = 	{2010},
  note = 	{R package version 0.8.8},
  url = 	{http://CRAN.R-project.org/package=Rcpp}
}

@Manual{CRAN:RcppArmadillo,
  title =	 {RcppArmadillo: Rcpp integration for Armadillo
                  templated linear algebra library},
  author =	 {Romain Fran\c{c}ois and Dirk Eddelbuettel and
                  Douglas Bates},
  year =	 2010,
  note =	 {R package version 0.2.9},
  url =		 CRAN # "/package=RcppArmadillo"
}

@Manual{CRAN:DEoptim,
  title = 	 {DEoptim: Global optimization by differential evolution},
  author = 	 {David Ardia and Katharine Mullen and Brian Peterson and Joshua Ulrich},
  year = 	 2010,
  note =	 {R package version 2.0-7},
  url =		 CRAN # "/package=DEoptim"
}

@Unpublished{MullenArdiaEtAl:2009:DEoptim,
  author =	 {Katherine M. Mullen and David Ardia and David L. Gil
                  and Donald Windover and James Cline},
  title =	 {{DEoptim}: An 'R' Package for Global Optimization by
                  Differential Evolution},
  note =	 {Unpublished Manuscript},
  year =	 2009,
  url =		 "http://ssrn.com/abstract=1526466"
}

@Unpublished{ArdiaBoudtCarlEtAl:2010:DEoptim,
  author =	 {David Ardia and Kris Boudt and Peter Carl and
                  Katherine M. Mullen and Brian G. Peterson},
  title =	 {Differential Evolution (DEoptim) for Non-Convex
                  Portfolio Optimization},
  note =	 {Unpublished Manuscript},
  year =	 2010,
  url =		 "http://ssrn.com/abstract=1584905"
}

@Book{PriceStornLampinen:2006:DE,
  author =	 {Kenneth V. Price and Rainer M. Storn and Jouni
                  A. Lampinen},
  title =	 {Differential Evolution -- A Practical Approach to
                  Global Optimization},
  publisher =	 {Springer},
  year =	 2006,
  address =	 {Berlin and Heidelberg},
  note =	 {ISBN 3540209506}
}

@TechReport{Sanderson:2010:Armadillo,
  author =	 {Conrad Sanderson},
  title =	 {{Armadillo}: {An} open source {C++} Algebra Library
                  for Fast Prototyping and Computationally Intensive
                  Experiments },
  institution =	 {{NICTA}},
  year =	 2010,
  url =		 "http://arma.sf.net"
}
