@String{CRAN = "http://cran.r-project.org/" }
@String{manuals = CRAN # "doc/manuals/" }
@String{RCoreTeam = "{R Development Core Team}" }
@String{RFoundation = "R Foundation for Statistical Computing" }

@manual{R:exts, 
	author = RCoreTeam,
    organization = RFoundation,
    address = {Vienna, Austria},
    year = {2009},
	title = "Writing R extensions",
	url = manuals # "R-exts.html"
}

@manual{R:ints, 
	author = RCoreTeam,
    organization = RFoundation,
    address = {Vienna, Austria},
    year = {2009},
	title = "R internals",
	url = manuals # "R-ints.html"
}

@Manual{cran:inline,
    title = {inline: Inline C, C++, Fortran function calls from R},
    author = {Oleg Sklyar and Duncan Murdoch and Mike Smith and Dirk Eddelbuettel},
    year = {2009},
    note = {R package version 0.3.4},
    url = {http://CRAN.R-project.org/package=inline},
  }

